@article{zerouali2022helm,
  title  = {Helm Charts for Kubernetes Applications: Evolution, Outdatedness and Security Risks},
  author = {Zerouali, Ahmed and Opdebeeck, Ruben},
  year   = {2022}
}

@article{rahman2023security,
  title     = {Security Misconfigurations in Open Source Kubernetes Manifests: An Empirical Study},
  author    = {Rahman, Akond and Shamim, Shazibul Islam and Bose, Dibyendu Brinto and Pandita, Rahul},
  journal   = {ACM Transactions on Software Engineering and Methodology},
  year      = {2023},
  publisher = {ACM New York, NY}
}

@article{kessentini2021refactorings,
  title  = {Refactorings and Technical Debt for Docker Projects},
  author = {Kessentini, Marouane and Ksontini, Emna and Ferreira, Thiago and Hassan, Foyzul},
  year   = {2021}
}

@misc{kubernetes,
  title = {Kubernetes},
  url   = {https://kubernetes.io/}
}

@misc{helm,
  title = {Helm},
  url   = {https://helm.sh/}
}

@misc{bitnami,
  title = {Bitnami Helm Charts GitHub repository},
  url   = {https://github.com/bitnami/charts}
}

@misc{replipkg,
  title = {Replication Package},
  url   = {https://github.com/NextFire-PolyMTL/log6306-project/tree/1.0.0}
}

@misc{argocd,
  title = {Argo CD},
  url   = {https://argo-cd.readthedocs.io/en/stable/}
}

@misc{flux,
  title = {Flux},
  url   = {https://fluxcd.io}
}

@inproceedings{Spadini2018,
  address   = {New York, New York, USA},
  author    = {Spadini, Davide and Aniche, Maur\'{i}cio and Bacchelli, Alberto},
  booktitle = {Proceedings of the 2018 26th ACM Joint Meeting on European Software Engineering Conference and Symposium on the Foundations of Software Engineering - ESEC/FSE 2018},
  doi       = {10.1145/3236024.3264598},
  isbn      = {9781450355735},
  keywords  = {2018,acm reference format,and alberto bacchelli,davide spadini,git,gitpython,maur\'{i}cio aniche,mining software repositories,pydriller,python},
  pages     = {908--911},
  publisher = {ACM Press},
  title     = {{PyDriller: Python framework for mining software repositories}},
  url       = {http://dl.acm.org/citation.cfm?doid=3236024.3264598},
  year      = {2018}
}

@misc{gotpl,
  title = {Go Template package},
  url   = {https://pkg.go.dev/text/template}
}

@misc{prom,
  title = {Prometheus},
  url   = {https://prometheus.io}
}

@misc{reclabels,
  title = {Kubernetes - Recommended Labels},
  url   = {https://kubernetes.io/docs/concepts/overview/working-with-objects/common-labels/#labels}
}

@misc{probes,
  title = {Kubernetes - Configure Liveness, Readiness and Startup Probes},
  url   = {https://kubernetes.io/docs/tasks/configure-pod-container/configure-liveness-readiness-startup-probes/}
}

@misc{secctx,
  title = {Kubernetes - Configure a Security Context for a Pod or Container},
  url   = {https://kubernetes.io/docs/tasks/configure-pod-container/security-context/}
}

@misc{apispec,
  title = {Kubernetes API Reference Docs},
  url   = {https://kubernetes.io/docs/reference/generated/kubernetes-api/v1.19/#-strong-api-overview-strong-}
}
